@online{gta,
  author = {Nature},
  title = {Manuscript Formatting Guide},
  year = 2014,
  url = {http://www.nature.com/nature/authors/gta/},
  urldate = {2014-10-20}
}


@online{nat_boldpar,
  author = {Nature},
  title = {Annotated Bold Paragraph},
  year = 2014,
  url = {http://www.nature.com/nature/authors/gta/2c_Summary_para.pdf},
  urldate = {2014-10-20}
}

@online{nat_compo,
  author = {Nature},
  title = {Composition of a Letter},
  year = 2014,
  url = {http://www.nature.com/nature/authors/gta/3g_Paper_composition.pdf},
  urldate = {2014-10-20}
}

@online{ncomms,
  author = {Nature},
  title = {Nature Communications Guidelines},
  year = 2014,
  url = {http://www.nature.com/ncomms/authors/submit.html#Figure-legends},
  urldate = {2014-10-20}
}


@online{nsreps,
  author = {Nature},
  title = {Nature Scientific Reports Guidelines},
  year = 2014,
  url = {http://www.nature.com/srep/authors/submit.html},
  urldate = {2014-10-20}
}

@online{nimgpol,
  author = {Nature},
  title = {Nature Image Policies},
  year = 2014,
  url = {http://www.nature.com/authors/policies/image.html},
  urldate = {2014-10-20}
}


@online{nfinalimg,
  author = {Nature},
  title = {Nature Final Artwork Policies},
  year = 2014,
  url = {http://www.nature.com/nature/authors/gta/3c_Final_artwork.pdf},
  urldate = {2014-10-20}
}


@online{nfinalimg,
  author = {Nature},
  title = {Nature Extended Data Formatting Guide},
  year = 2014,
  url = {http://www.nature.com/nature/authors/gta/3h_Extended_data.pdf},
  urldate = {2014-10-20}
}

@online{nsuppmat,
  author = {Nature},
  title = {Nature Supplementary Info Guidelines},
  year = 2014,
  url = {http://www.nature.com/nature/authors/submissions/final/suppinfo.html},
  urldate = {2014-10-20}
}


